<?xml version="1.0" encoding="UTF-8"?>
<record xmlns="http://www.loc.gov/MARC21/slim" xmlns:xsi="http://www.w3.org/2001/XMLSchema-instance" xsi:schemaLocation="http://www.loc.gov/MARC21/slim http://www.loc.gov/standards/marcxml/schema/MARC21slim.xsd">
<leader>00000cam a22      a 4500</leader>
<controlfield tag="001">002177858</controlfield>
<controlfield tag="003">NNU</controlfield>
<controlfield tag="005">20141228130819.0</controlfield>
<controlfield tag="008">930914r19661903iq       b    001 0 ara d</controlfield>
<datafield tag="035" ind1=" " ind2=" ">
<subfield code="a">(OCoLC)31742266</subfield>
</datafield>
<datafield tag="040" ind1=" " ind2=" ">
<subfield code="a">ZCU</subfield>
<subfield code="b">eng</subfield>
<subfield code="c">ZCU</subfield>
<subfield code="d">AZU</subfield>
<subfield code="d">TEF</subfield>
<subfield code="d">OCLCG</subfield>
<subfield code="d">LEILA</subfield>
<subfield code="d">OCLCA</subfield>
<subfield code="d">OCLCQ</subfield>
<subfield code="d">OCLCA</subfield>
<subfield code="d">NNU</subfield>
</datafield>
<datafield tag="041" ind1="0" ind2=" ">
<subfield code="a">ara</subfield>
<subfield code="b">ger</subfield>
</datafield>
<datafield tag="050" ind1=" " ind2="4">
<subfield code="a">PJ7700</subfield>
<subfield code="b">.R8 1966</subfield>
</datafield>
<datafield tag="100" ind1="0" ind2=" ">
<subfield code="6">880-01</subfield>
<subfield code="a">Ruʼbah ibn al-ʻAjjāj,</subfield>
<subfield code="d">-762?</subfield>
</datafield>
<datafield tag="245" ind1="1" ind2="0">
<subfield code="6">880-02</subfield>
<subfield code="a">Majmūʻ ashʻār al-ʻArab, wa-huwa mushtamil ʻalá Dīwān Ruʼbah ibn al-ʻAjjāj :</subfield>
<subfield code="b">wa-ʻalá abyāt mufradāt mansūbah ilayhi /</subfield>
<subfield code="c">iʻtaná bi-taṣḥīḥihi wa-tartībihi Wilyam ibn Alward "al-Burūsī"</subfield>
</datafield>
<datafield tag="246" ind1="3" ind2="0">
<subfield code="6">880-03</subfield>
<subfield code="a">Dīwān Ruʼbah ibn al-ʻAjjāj</subfield>
</datafield>
<datafield tag="246" ind1="1" ind2="5">
<subfield code="a">Sammlungen alter arabischer Dichter</subfield>
</datafield>
<datafield tag="246" ind1="3" ind2="0">
<subfield code="a">Dīwān des Reḡezdichters Rūba ben elA̓ḡḡāḡ</subfield>
</datafield>
<datafield tag="260" ind1=" " ind2=" ">
<subfield code="6">880-04</subfield>
<subfield code="a">Baghdād :</subfield>
<subfield code="b">Yuṭlabu min Maktabat al-Muthanná,</subfield>
<subfield code="c">[1966?]</subfield>
</datafield>
<datafield tag="300" ind1=" " ind2=" ">
<subfield code="a">191, 122, cxii ;</subfield>
<subfield code="c">25 cm</subfield>
</datafield>
<datafield tag="336" ind1=" " ind2=" ">
<subfield code="a">text</subfield>
<subfield code="b">txt</subfield>
<subfield code="2">rdacontent</subfield>
</datafield>
<datafield tag="337" ind1=" " ind2=" ">
<subfield code="a">unmediated</subfield>
<subfield code="b">n</subfield>
<subfield code="2">rdamedia</subfield>
</datafield>
<datafield tag="500" ind1=" " ind2=" ">
<subfield code="a">Poems.</subfield>
</datafield>
<datafield tag="500" ind1=" " ind2=" ">
<subfield code="a">Introd. and notes in German.</subfield>
</datafield>
<datafield tag="500" ind1=" " ind2=" ">
<subfield code="a">Title on added t.p.: Sammlungen alter arabischer Dichter, Der Dīwān des Reḡezdichters Rūba ben elA̓ḡḡāḡ.</subfield>
</datafield>
<datafield tag="534" ind1=" " ind2=" ">
<subfield code="p">Originally published:</subfield>
<subfield code="c">Berlin : Reuther &amp; Reichard, 1903.</subfield>
</datafield>
<datafield tag="504" ind1=" " ind2=" ">
<subfield code="a">Includes bibliographical references.</subfield>
</datafield>
<datafield tag="700" ind1="1" ind2=" ">
<subfield code="a">Ahlwardt, W.</subfield>
<subfield code="q">(Wilhelm),</subfield>
<subfield code="d">1828-1909.</subfield>
</datafield>
<datafield tag="880" ind1="0" ind2=" ">
<subfield code="6">100-01/</subfield>
<subfield code="a">رؤبة بن العجاج،,</subfield>
<subfield code="d">-762?</subfield>
</datafield>
<datafield tag="880" ind1="1" ind2="0">
<subfield code="6">245-02/</subfield>
<subfield code="a">مجموع اشعار العرب، وهو مشتمل على ديوان رؤبة بن العجاج :</subfield>
<subfield code="b">وعلى ابيات مفردات منسوبة اليه /</subfield>
<subfield code="c">اعتنى بتصحيحه وترتيبه وليم بن الورد "البروسي."</subfield>
</datafield>
<datafield tag="880" ind1="3" ind2="0">
<subfield code="6">246-03/</subfield>
<subfield code="a">ديوان رؤبة بن العجاج</subfield>
</datafield>
<datafield tag="880" ind1=" " ind2=" ">
<subfield code="6">260-04/</subfield>
<subfield code="a">بغداد :</subfield>
<subfield code="b">يطلب من مكتبة المثن،</subfield>
<subfield code="c">[1966?]</subfield>
</datafield>
<datafield tag="OWN" ind1=" " ind2=" ">
<subfield code="a">GENERAL</subfield>
</datafield>
<datafield tag="AVA" ind1=" " ind2=" ">
<subfield code="a">NYU50</subfield>
<subfield code="b">BOBST</subfield>
<subfield code="c">Main Collection</subfield>
<subfield code="d">PJ7700.R8 A17 1966</subfield>
<subfield code="e">unavailable</subfield>
<subfield code="t">Unavailable</subfield>
<subfield code="f">1</subfield>
<subfield code="g">1</subfield>
<subfield code="h">N</subfield>
<subfield code="i">1</subfield>
<subfield code="j">MAIN</subfield>
<subfield code="k">0</subfield>
</datafield>
</record>
